<?xml version="1.0" encoding="UTF-8"?><collection xmlns="http://www.loc.gov/MARC21/slim"><record><leader>00359nam--2200133-i-4500</leader><controlfield tag="001">000041621</controlfield><controlfield tag="002">20161230</controlfield><controlfield tag="005">20161230201043</controlfield><controlfield tag="008">060222s1000------------r-----000-0-eng-d</controlfield><datafield ind1=" " ind2=" " tag="080"><subfield code="a">621.039.516.4</subfield></datafield><datafield ind1=" " ind2=" " tag="100"><subfield code="a">Silvennoinen,P</subfield></datafield><datafield ind1=" " ind2=" " tag="245"><subfield code="a">Nuclear fuel cycle optimization. methods and modelling techniques</subfield></datafield><datafield ind1=" " ind2=" " tag="260"><subfield code="a">Oxford, Pergamon Press, 1982</subfield></datafield><datafield ind1=" " ind2=" " tag="852"><subfield code="a">71403</subfield></datafield></record></collection>